@misc{bharat2016method,
  title={Method and apparatus for clustering news online content based on content freshness and quality of content source},
  author={Bharat, K. and Curtiss, M. and Schmitt, M.},
  url={https://www.google.com/patents/US9361369},
  year={2016},
  month=jun # "~7",
  publisher={Google Patents},
  note={US Patent 9,361,369}
}

@techreport{ala,
author={{American Library Association}},
year=1994, 
title={Evaluating Information: A Basic Checklist},
institution={{American Library Association}}
}

@article{dejong,
author={De Jong, M. and Schellens, P.J.},
year=2000,
title={Toward a document evaluation methodology: What does research tell us about the validity and reliability of evaluation methods?}
journal={IEEE Transactions on Professional Communication},
issue=43, 
number=3,
pages={242--260} }

@misc{alchemy,
author={{AlchemyAPI, Inc.}},
title={AlchemyAPI},
year=2015,
howpublished={http://www.alchemyapi.com}
}

@article{Lee:2002:AMI:637474.637478,
 author = {Lee, Yang W. and Strong, Diane M. and Kahn, Beverly K. and Wang, Richard Y.},
 title = {AIMQ: A Methodology for Information Quality Assessment},
 journal = {Inf. Manage.},
 issue_date = {December 2002},
 volume = {40},
 number = {2},
 month = dec,
 year = {2002},
 issn = {0378-7206},
 pages = {133--146},
 numpages = {14},
 publisher = {Elsevier Science Publishers B. V.}} 


@inproceedings{zhu,
author={Zhu, H. and Ma, Y. and Su, G.},
year=2011,
title={Collaboratively Assessing Information Quality on the Web},
booktitle={ICIS sigIQ Workshop}
}

@article{Dalip:2011:AAD:2063504.2063507,
 author = {Dalip, Daniel Hasan and Gon\c{c}alves, Marcos Andr{\'e} and Cristo, Marco and Calado, P\'{a}vel},
 title = {Automatic Assessment of Document Quality in Web Collaborative Digital Libraries},
 journal = {Journal Data and Information Quality},
 issue_date = {December 2011},
 volume = {2},
 number = {3},
 month = dec,
 year = {2011},
 issn = {1936-1955},
 pages = {14:1--14:30},
 articleno = {14},
 numpages = {30},
 url = {http://doi.acm.org/10.1145/2063504.2063507},
 doi = {10.1145/2063504.2063507},
 acmid = {2063507},
 publisher = {ACM},
 address = {New York, NY, USA},
 keywords = {Quality assessment, SVM, machine learning, quality features, wiki},
} 

@misc{W3CQA,
author={W3C},
year={2002},
howpublished={https://www.w3.org/QA/Library/}
}

@misc{wot,
author={{WOT Services, Ltd}},
year={2006},
howpublished={http://www.mywot.com}}


@inbook{Boer2012,
	Address = {Berlin, Heidelberg},
	Author = {de Boer, Victor and Hildebrand, Michiel and Aroyo, Lora and Leenheer, Pieter and Dijkshoorn, Chris and Tesfa, Binyam and Schreiber, Guus},
	Chapter = {Nichesourcing: Harnessing the Power of Crowds of Experts},
	Doi = {10.1007/978-3-642-33876-2_3},
	Editor = {Teije, Annette and V{\"o}lker, Johanna and Handschuh, Siegfried and Stuckenschmidt, Heiner and d'Acquin, Mathieu and Nikolov, Andriy and Aussenac-Gilles, Nathalie and Hernandez, Nathalie},
	Isbn = {978-3-642-33876-2},
	Pages = {16--20},
	Publisher = {Springer Berlin Heidelberg},
	Title = {Knowledge Engineering and Knowledge Management: 18th International Conference, EKAW 2012, Galway City, Ireland, October 8-12, 2012. Proceedings},
	Url = {http://dx.doi.org/10.1007/978-3-642-33876-2_3},
	Year = {2012},
	Bdsk-Url-1 = {http://dx.doi.org/10.1007/978-3-642-33876-2_3}}
    
@article{LDQ,
  author = {Zaveri, Amrapali and Rula, Anisa and Maurino, Andrea and Pietrobon, Ricardo and Lehmann, Jens and Auer, S{\"o}ren},
  journal = {Semantic Web Journal},
  title = {Quality Assessment for Linked Data: A Survey},
  url = {http://www.semantic-web-journal.net/content/quality-assessment-linked-data-survey},
  year = 2015
}



@inproceedings{ifiptm2015,
title={Predicting Quality of Crowdsourced Annotations Using Graph Kernels},
author={Archana Nottamkandath and Jasper Oosterman and Davide Ceolin and Gerben Klaas Dirk de Vries and Wan Fokkink},
booktitle={Trust Management IX},
pages={134--148},
publisher={Springer International Publishing}
}

@article{jdiq2015,
title={Combining User Reputation and Provenance Analysis for Trust Assessment},
author={Ceolin, Davide and Groth, Paul and Maccatrozzo, Valentina and Fokkink, Wan and van Hage, Willem Robert and Nottamkandath, Archana}
journal = {Journal of Data and Information Quality},
publisher = {ACM},
year = 2015}

@inproceedings{hartig,
title={Using Web Data Provenance for Quality Assessment},
author={Olaf Hartig and Jun Zhao},
year = 2009,
booktitle={Proceedings of the Intenational Workshop on Semantic Web and Provenance Management}}

@techreport{iso,
author={{International Organization for Standardization}},
title={{ISO/IEC 25012:2008 Software engineering -- Software product Quality Requirements and Evaluation (SQuaRE) -- Data quality model}},
year = 2008,
institution={{International Organization for Standardization}}}

@inproceedings{bessi,
author={Bessi, A. and Coletto, M. and Davidescu, G.A. and Scala, A. and Caldarelli, G. and Quattrociocchi, W.},
year = {2015},
title={Science vs Conspiracy: Collective Narratives in the Age of Misinformation.},
journal={PLoS ONE},
issue=10,
volume=2}

@inproceedings{Anderka:2012:PQF:2348283.2348413,
 author = {Anderka, Maik and Stein, Benno and Lipka, Nedim},
 title = {Predicting Quality Flaws in User-generated Content: The Case of Wikipedia},
 booktitle = {Proceedings of the 35th International ACM SIGIR Conference on Research and Development in Information Retrieval},
 series = {SIGIR '12},
 year = {2012},
 isbn = {978-1-4503-1472-5},
 location = {Portland, Oregon, USA},
 pages = {981--990},
 numpages = {10},
 url = {http://doi.acm.org/10.1145/2348283.2348413},
 doi = {10.1145/2348283.2348413},
 acmid = {2348413},
 publisher = {ACM},
 address = {New York, NY, USA},
 keywords = {information quality, one-class classification, quality flaw prediction, user-generated content analysis, wikipedia},
} 


@inbook{Vries2013,
	Address = {Berlin, Heidelberg},
	Author = {Vries, Gerben K. D.},
	Chapter = {A Fast Approximation of the Weisfeiler-Lehman Graph Kernel for RDF Data},
	Doi = {10.1007/978-3-642-40988-2_39},
	Editor = {Blockeel, Hendrik and Kersting, Kristian and Nijssen, Siegfried and {\v{Z}}elezn{\'y}, Filip},
	Isbn = {978-3-642-40988-2},
	Pages = {606--621},
	Publisher = {Springer Berlin Heidelberg},
	Title = {Machine Learning and Knowledge Discovery in Databases: European Conference, ECML PKDD 2013, Prague, Czech Republic, September 23-27, 2013, Proceedings, Part I},
	Url = {http://dx.doi.org/10.1007/978-3-642-40988-2_39},
	Year = {2013},
	Bdsk-Url-1 = {http://dx.doi.org/10.1007/978-3-642-40988-2_39}}

@article{Josang:2001:LUP:565980.565981,
 author = {J{\o}sang, Audun},
 title = {A Logic for Uncertain Probabilities},
 journal = {International Journal Uncertainty Fuzziness Knowledge-Based Systems},
 issue_date = {June 2001},
 volume = {9},
 number = {3},
 month = jun,
 year = {2001},
 issn = {0218-4885},
 pages = {279--311},
 numpages = {33},
 url = {http://dx.doi.org/10.1142/S0218488501000831},
 doi = {10.1142/S0218488501000831},
 acmid = {565981},
 publisher = {World Scientific Publishing Co., Inc.},
 address = {River Edge, NJ, USA},
 keywords = {belief, evidence, logic, probability, reasoning, uncertainty},
} 

@inbook{Inel2014,
	Address = {Cham},
	Author = {Inel, Oana and Khamkham, Khalid and Cristea, Tatiana and Dumitrache, Anca and Rutjes, Arne and Ploeg, Jelle and Romaszko, Lukasz and Aroyo, Lora and Sips, Robert-Jan},
	Chapter = {CrowdTruth: Machine-Human Computation Framework for Harnessing Disagreement in Gathering Annotated Data},
	Doi = {10.1007/978-3-319-11915-1_31},
	Editor = {Mika, Peter and Tudorache, Tania and Bernstein, Abraham and Welty, Chris and Knoblock, Craig and Vrande{\v{c}}i{\'{c}}, Denny and Groth, Paul and Noy, Natasha and Janowicz, Krzysztof and Goble, Carole},
	Isbn = {978-3-319-11915-1},
	Pages = {486--504},
	Publisher = {Springer International Publishing},
	Title = {The Semantic Web -- ISWC 2014: 13th International Semantic Web Conference, Riva del Garda, Italy, October 19-23, 2014. Proceedings, Part II},
	Url = {http://dx.doi.org/10.1007/978-3-319-11915-1_31},
	Year = {2014},
	Bdsk-Url-1 = {http://dx.doi.org/10.1007/978-3-319-11915-1_31}}
    
@misc{safebrowsing,
author={{Google, Inc.}},
title={{Safe Browsing -- Transparency Report}},
howpublished={https://www.google.com/transparencyreport/safebrowsing/}
year=2015}
}

@incollection{sgd,
  author = {Bottou, L\'{e}on},
  title = {Stochastic Learning},
  booktitle = {Advanced Lectures on Machine Learning},
  pages = {146-168},
  publisher = {Springer Verlag},
  year = {2004},
  editor = {Bousquet, Olivier and von Luxburg, Ulrike},
  series = {Lecture Notes in Artificial Intelligence, LNAI~3176},
  address = {Berlin},
  url = {http://leon.bottou.org/papers/bottou-mlss-2004},
}


@article{svm,
	Author = {Cortes, Corinna and Vapnik, Vladimir},
	Doi = {10.1007/BF00994018},
	Issn = {1573-0565},
	Journal = {Machine Learning},
	Number = {3},
	Pages = {273--297},
	Title = {Support-vector networks},
	Url = {http://dx.doi.org/10.1007/BF00994018},
	Volume = {20},
	Bdsk-Url-1 = {http://dx.doi.org/10.1007/BF00994018}}

@book{provenance,
author={Howell, M., and Prevenier, W.},
year=2001,
title={From Reliable Sources: An Introduction to Historical  Methods},
publisher={Cornell University Press}
}

@MISC{prov,
author = {W3C},
title = {{PROV-O}},
year = {2013},
howpublished = {\url{http://www.w3.org/TR/prov-o/}}
}

@inproceedings{Kang:2003:QTC:860435.860449,
 author = {Kang, In-Ho and Kim, GilChang},
 title = {Query Type Classification for Web Document Retrieval},
 booktitle = {Proceedings of the 26th Annual International ACM SIGIR Conference on Research and Development in Informaion Retrieval},
 series = {SIGIR '03},
 year = {2003},
 isbn = {1-58113-646-3},
 location = {Toronto, Canada},
 pages = {64--71},
 numpages = {8},
 url = {http://doi.acm.org/10.1145/860435.860449},
 doi = {10.1145/860435.860449},
 acmid = {860449},
 publisher = {ACM},
 address = {New York, NY, USA},
 keywords = {URL information, combination of multiple evidences, link information, query classification},
} 

@inproceedings{Zhou:2005:DQM:1099554.1099652,
 author = {Zhou, Yun and Croft, W. Bruce},
 title = {Document Quality Models for Web Ad Hoc Retrieval},
 booktitle = {Proceedings of the 14th ACM International Conference on Information and Knowledge Management},
 series = {CIKM '05},
 year = {2005},
 isbn = {1-59593-140-6},
 location = {Bremen, Germany},
 pages = {331--332},
 numpages = {2},
 url = {http://doi.acm.org/10.1145/1099554.1099652},
 doi = {10.1145/1099554.1099652},
 acmid = {1099652},
 publisher = {ACM},
 address = {New York, NY, USA},
 keywords = {collection-document distance, document quality, prior probabilities, web retrieval},
} 

@inproceedings{Amento:2000:LMQ:345508.345603,
 author = {Amento, Brian and Terveen, Loren and Hill, Will},
 title = {Does \&Ldquo;Authority\&Rdquo; Mean Quality? Predicting Expert Quality Ratings of Web Documents},
 booktitle = {Proceedings of the 23rd Annual International ACM SIGIR Conference on Research and Development in Information Retrieval},
 series = {SIGIR '00},
 year = {2000},
 isbn = {1-58113-226-3},
 location = {Athens, Greece},
 pages = {296--303},
 numpages = {8},
 url = {http://doi.acm.org/10.1145/345508.345603},
 doi = {10.1145/345508.345603},
 acmid = {345603},
 publisher = {ACM},
 address = {New York, NY, USA},
 keywords = {exploiting hyperlink structure},
} 

@inproceedings{Ceolin:2016:TWD:2908131.2908198,
 author = {Ceolin, Davide and Noordegraaf, Julia and Aroyo, Lora and van Son, Chantal},
 title = {Towards Web Documents Quality Assessment for Digital Humanities Scholars},
 booktitle = {Proceedings of the 8th ACM Conference on Web Science},
 series = {WebSci '16},
 year = {2016},
 isbn = {978-1-4503-4208-7},
 location = {Hannover, Germany},
 pages = {315--317},
 numpages = {3},
 url = {http://doi.acm.org/10.1145/2908131.2908198},
 doi = {10.1145/2908131.2908198},
 acmid = {2908198},
 publisher = {ACM},
 address = {New York, NY, USA},
 keywords = {digital humanities, quality of web documents},
} 

